@misc{chollet2015keras,
  title={Keras},
  author={Chollet, Fran\c{c}ois},
  year={2015},
  publisher={GitHub},
  howpublished={\url{https://github.com/fchollet/keras}},
}

@ARTICLE {fuji,
    author  = "Fujitsu R\&D Center Co., Ltd. / Fujitsu Laboratories Ltd.",
    title   = "Fujitsu Achieves 96.7% Recognition Rate for Handwritten Chinese Characters Using AI That Mimics the Human Brain",
    journal = "Fujitsu Laboratories Ltd. Press Releases",
    year    = "2015",
    howpublished={\url{http://www.fujitsu.com/global/about/resources/news/press-releases/2015/0917-01.html}}
}

@misc{greanias1982chinese,
  title={Chinese/Kanji on-line recognition system},
  author={Greanias, E.C. and Yhap, E.F.},
  url={https://www.google.com/patents/US4365235},
  year={1982},
  month=dec # "~21",
  publisher={Google Patents},
  note={US Patent 4,365,235}
}

@INPROCEEDINGS{953838,
author={M. Nakai and N. Akira and H. Shimodaira and S. Sagayama},
booktitle={Proceedings of Sixth International Conference on Document Analysis and Recognition},
title={Substroke approach to HMM-based on-line Kanji handwriting recognition},
year={2001},
pages={491-495},
keywords={handwriting recognition;hidden Markov models;online operation;speech recognition;HMM-based online Kanji handwriting recognition;Kanji structure;character structure dictionary;continuous speech recognition algorithm;decoder;grammar;input feature analysis;phonemes;substroke approach;Character recognition;Decoding;Dictionaries;Handwriting recognition;Hidden Markov models;Information science;Personal digital assistants;Speech recognition;Training data;Writing},
doi={10.1109/ICDAR.2001.953838},
month={},}

@ARTICLE {tsai,
    author  = "Charlie Tsai",
    title   = "Recognizing Handwritten Japanese Characters Using Deep Convolutional Neural Networks",
    journal = "N/A, CS231n: Convolutional Neural Networks for Visual Recognition",
    year    = "2016",
    note    = "Paper was a submission for a project for CS231n: Convolutional Neural Networks for Visual Recognition at Stanford University"
}

@article{DBLP:journals/corr/KingmaB14,
  author    = {Diederik P. Kingma and
               Jimmy Ba},
  title     = {Adam: {A} Method for Stochastic Optimization},
  journal   = {CoRR},
  volume    = {abs/1412.6980},
  year      = {2014},
  url       = {http://arxiv.org/abs/1412.6980},
  timestamp = {Thu, 01 Jan 2015 19:51:08 +0100},
  biburl    = {http://dblp.uni-trier.de/rec/bib/journals/corr/KingmaB14},
  bibsource = {dblp computer science bibliography, http://dblp.org}
}
